<?xml version="1.0" encoding="UTF-8"?><collection xmlns="http://www.loc.gov/MARC21/slim"><record><leader>00375nam--2200145-i-4500</leader><controlfield tag="001">000003854</controlfield><controlfield tag="002">20161230</controlfield><controlfield tag="005">20170306222659</controlfield><controlfield tag="008">060222s1000------------r-----000-0-eng-d</controlfield><datafield ind1=" " ind2=" " tag="100"><subfield code="a">Colodin, S. M</subfield></datafield><datafield ind1=" " ind2=" " tag="245"><subfield code="a">Recuperarea staniului din deseuri de tabla</subfield></datafield><datafield ind1=" " ind2=" " tag="260"><subfield code="a">Bucuresti</subfield><subfield code="b">Editura Tehnica</subfield><subfield code="c">1953</subfield></datafield><datafield ind1=" " ind2=" " tag="300"><subfield code="a">119 p</subfield></datafield><datafield ind1=" " ind2=" " tag="852"><subfield code="a">669.6.004.8</subfield></datafield><datafield ind1=" " ind2=" " tag="CAT"><subfield code="a">SYS</subfield><subfield code="c">20170306</subfield><subfield code="h">222659</subfield></datafield></record></collection>